@book{Hodges,
 author		= {Hodges, Wilfrid},
 title		= {Model Theory},
 publisher	= {Cambridge University Press},
 series		= {Encyclopedia of Mathematics and its Applications},
 year		= 1993,
 isbn		= 0521304423}
